@phdthesis{silva2006benchmark,
	title={Benchmark em Banco de Dados Multim{\'\i}dia: An{\'a}lise de Desempenho em Recupera{\c{c}}{\~a}o de Objetos Multim{\'\i}dia},
	author={Silva, Ricardo C},
	year={2006},
	school={Disserta{\c{c}}{\~a}o de Mestrado, Universidade Federal do Paran{\'a}, Curitiba}
}

@article{debanco,
	title={Banco de Dados Multim{\'\i}dia},
	author={De Biazi, Dayana and Hoffmann Filho, Luiz Jos{\'e}}
}